<ENVELOPE>
  <HEADER>
    <TALLYREQUEST>Import Data</TALLYREQUEST>
  </HEADER>
  <BODY>
    <IMPORTDATA>
      <REQUESTDESC>
        <REPORTNAME>Vouchers</REPORTNAME>
      </REQUESTDESC>
      <REQUESTDATA>
        <TALLYMESSAGE xmlns:UDF="TallyUDF">
          <VOUCHER VCHTYPE="Receipt" ACTION="Create" OBJVIEW="Accounting Voucher View">
            <DATE>20240403</DATE>
            <NARRATION>Direct Credit No-123; Ref No-UPI/12345</NARRATION>
            <VOUCHERTYPENAME>Receipt</VOUCHERTYPENAME>
            <PARTYLEDGERNAME>BANK_DETAILS</PARTYLEDGERNAME>
            <PERSISTEDVIEW>Accounting Voucher View</PERSISTEDVIEW>
            <VOUCHERNUMBER>1</VOUCHERNUMBER>
            <EFFECTIVEDATE>20240403</EFFECTIVEDATE>
            <ISINVOICE>No</ISINVOICE>
            <ISDELETED>No</ISDELETED>

            <ALLLEDGERENTRIES.LIST>
              <LEDGERNAME>BANK_DETAILS</LEDGERNAME>
              <ISDEEMEDPOSITIVE>Yes</ISDEEMEDPOSITIVE>
              <LEDGERFROMITEM>No</LEDGERFROMITEM>
              <REMOVEZEROENTRIES>No</REMOVEZEROENTRIES>
              <ISPARTYLEDGER>Yes</ISPARTYLEDGER>
              <AMOUNT>-100.00</AMOUNT>

              <BANKALLOCATIONS.LIST>
                <DATE>20240403</DATE>
                <INSTRUMENTDATE>20240403</INSTRUMENTDATE>
                <NAME>b2f34f3f-4a0e-4526-b868-5ace469bd511</NAME>
                <TRANSACTIONTYPE>Others</TRANSACTIONTYPE>
                <PAYMENTFAVOURING>General Amt</PAYMENTFAVOURING>
                <INSTRUMENTNUMBER>UPI/12345</INSTRUMENTNUMBER>
                <UNIQUEREFERENCENUMBER>5DF5eiVCbft2zIck</UNIQUEREFERENCENUMBER>
                <PAYMENTMODE>Transacted</PAYMENTMODE>
                <BANKPARTYNAME>General Amt</BANKPARTYNAME>
                <AMOUNT>100.00</AMOUNT>
            </BANKALLOCATIONS.LIST>
            </ALLLEDGERENTRIES.LIST>

            <ALLLEDGERENTRIES.LIST>
              <LEDGERNAME>General Amt</LEDGERNAME>
              <ISDEEMEDPOSITIVE>No</ISDEEMEDPOSITIVE>
              <LEDGERFROMITEM>No</LEDGERFROMITEM>
              <REMOVEZEROENTRIES>No</REMOVEZEROENTRIES>
              <ISPARTYLEDGER>No</ISPARTYLEDGER>
              <AMOUNT>100.00</AMOUNT>
            </ALLLEDGERENTRIES.LIST>

          </VOUCHER>
        </TALLYMESSAGE>
      </REQUESTDATA>
    </IMPORTDATA>
  </BODY>
</ENVELOPE>
